<?xml version="1.0" encoding="UTF-8"?><collection xmlns="http://www.loc.gov/MARC21/slim"><record><leader>00585nam--2200181-i-4500</leader><controlfield tag="001">000009476</controlfield><controlfield tag="002">20161230</controlfield><controlfield tag="005">20161230201028</controlfield><controlfield tag="008">060222s1000------------r-----000-0-eng-d</controlfield><datafield ind1=" " ind2=" " tag="040"><subfield code="a">IFIN-HH</subfield></datafield><datafield ind1=" " ind2=" " tag="080"><subfield code="a">535.62:53.532.3:666</subfield></datafield><datafield ind1="1" ind2=" " tag="100"><subfield code="a">Hochman, R.F</subfield></datafield><datafield ind1="1" ind2="0" tag="245"><subfield code="a">Applications of field-ion microscopy in physi cal metallurgy and corrosion</subfield><subfield code="c">R.f. hochman, e.w. muller, b. ralph (eds.)</subfield></datafield><datafield ind1=" " ind2=" " tag="260"><subfield code="a">Atlanta, Georia</subfield><subfield code="b">Georgia Institute Of Technolo Gy</subfield><subfield code="c">1969</subfield></datafield><datafield ind1=" " ind2=" " tag="300"><subfield code="a">VII + 497 P. (CU FIG.)</subfield></datafield><datafield ind1="1" ind2=" " tag="700"><subfield code="a">Ralph, B</subfield><subfield code="e">Ed</subfield></datafield><datafield ind1=" " ind2=" " tag="852"><subfield code="a">33692</subfield><subfield code="c">537.533.35</subfield></datafield><datafield ind1=" " ind2=" " tag="CAT"><subfield code="a">Sys</subfield><subfield code="c">20110905</subfield><subfield code="h">140433</subfield></datafield></record></collection>